@book{book_anderson_2010,
    author = {David J. Anderson},
    title = {Kanban: Successful Evolutionary Change for Your Technology Business},
    year = {2010},
    publisher = {Blue Hole Press},
    isbn = {978-0984521401}
}

@book{book_beck_1999,
    author = {Kent Beck},
    title = {Extreme Programming Explained: Embrace Change},
    year = {1999},
    publisher = {Addison-Wesley Professional},
    isbn = {978-0201616415}
}

@book{book_beck_2003,
    author = {Kent Beck},
    title = {Test Driven Development: By Example},
    year = {2003},
    publisher = {Addison-Wesley Professional},
    isbn = {978-0321146533}
}

@book{book_martin_2008,
    author = {Robert C. Martin},
    year = {2008},
    title = {Clean Code: A Handbook of Agile Software Craftsmanship},
    publisher = {Prentice Hall},
    isbn = {978-0132350884},
}

@book{book_martin_2017,
    author = {Robert C. Martin},
    year = {2017},
    title = {Clean Architecture: A Craftsman's Guide to Software Structure and Design},
    publisher = {Pearson Education},
    isbn = {978-0134494166}
}

@article{article_brown_2020,
    author = {Brown, Tom B. and Mann, Benjamin and et al.},
    title = {Language Models are Few-Shot Learners},
    journal = {arXiv preprint arXiv:2005.14165},
    year = {2020}
}

@article{article_devlin_2019,
    author = {Devlin, Jacob and Chang, Ming-Wei and et al.},
    title = {BERT: Pre-training of Deep Bidirectional Transformers for Language Understanding},
    journal = {arXiv preprint arXiv:1810.04805},
    year = {2019}
}

@article{article_few_shot_prompting,
    author = {Brown, T. B. and Mann, B. and Ryder, N. and Subbiah and et al.},
    title = {Language Models are Few-Shot Learners},
    journal = {arXiv preprint arXiv:2005.14165},
    year = {2020},
    url = {https://arxiv.org/abs/2005.14165}
}

@article{article_format_based_prompting,
    author = {Reynolds, L. and McDonell, K.},
    title = {Prompt Programming for Large Language Models: Beyond the Few-Shot Paradigm},
    journal = {arXiv preprint arXiv:2102.07350},
    year = {2021},
    url = {https://arxiv.org/abs/2102.07350}
}

@book{article_jelinek_1997,
    author = {Jelinek, Frederick},
    title = {Statistical Methods for Speech Recognition},
    publisher = {MIT Press},
    year = {1997},
}

@article{article_hochreiter_1997,
    author = {Hochreiter, Sepp and Schmidhuber, Jürgen},
    title = {Long Short-Term Memory},
    journal = {Neural Computation},
    year = {1997},
    volume = {9},
    number = {8},
    pages = {1735--1780}
}

@article{article_hutchins_2003,
    author = {Hutchins, W. John},
    title = {Has Machine Translation Improved? Some Historical Comparisons},
    journal = {Computers and Translation},
    year = {2003},
    volume = {18},
    number = {3},
    pages = {143--165}
}

@article{article_manning_1999,
    author = {Manning, Christopher D. and Schütze, Hinrich},
    title = {Foundations of Statistical Natural Language Processing},
    publisher = {MIT Press},
    year = {1999}
}

@article{article_touring_1950,
    author = {A. Turing},
    title = {Computing Machinery and Intelligence},
    journal = {Mind},
    volume = {59},
    number = {236},
    pages = {433--460},
    year = {1950},
    doi = {10.1093/mind/LIX.236.433}
}

@article{article_vaswani_2017,
    author = {Vaswani, Ashish and Shazeer, Noam and Parmar and et al.},
    title = {Attention is All You Need},
    journal = {arXiv preprint arXiv:1706.03762},
    year = {2017}
}

@article{article_wolf_2020,
    author = {Thomas Wolf and Lysandre Debut and Victor Sanh and et al.},
    title = {Transformers: State-of-the-Art Natural Language Processing},
    journal = {arXiv preprint arXiv:1910.03771},
    year = {2020}
}

@online{url_adobe_pdf,
    author = {Adobe Systems Incorporated},
    title = {Portable Document Format (PDF)},
    url = {https://www.adobe.com/pdf},
}

@online{url_aws_open_data,
    author = {Amazon Web Services},
    title = {AWS Public Datasets},
    year = {2024},
    url = {https://registry.opendata.aws/},
}

@online{url_bootstrap,
    author = {Mark Otto and Jacob Thornton},
    title = {Bootstrap Documentation},
    url = {https://getbootstrap.com/},
}

@online{url_chatgpt_vs_huggingchat,
    author = {Bob sharp},
    title = {ChatGPT vs. HuggingChat: Which Is Better?},
    year = {2024},
    url = {https://www.makeuseof.com/chatgpt-vs-huggingchat/},
}

@online{url_composer,
    author = {Nils Adermann and Jordi Boggiano},
    title = {Composer Documentation},
    url = {https://getcomposer.org/doc/},
}

@online{url_css3,
    author = {W3C},
    title = {CSS3 Specification},
    url = {https://www.w3.org/Style/CSS/},
}

@online{url_docker,
    author = {Docker, Inc.},
    title = {Docker Documentation},
    url = {https://docs.docker.com/},
}

@online{url_docker_compose,
    author = {Docker, Inc.},
    title = {Docker Compose Documentation},
    url = {https://docs.docker.com/compose/},
}

@online{url_eleutherai,
    author = {EleutherAI},
    title = {EleutherAI GPT-Neo and GPT-J},
    url = {https://www.eleuther.ai/},
}

@online{url_elasticsearch,
    author = {Elastic NV},
    title = {Elasticsearch Documentation},
    url = {https://www.elastic.co/guide/en/elasticsearch/reference/current/index.html},
}

@online{url_eu_open_data,
    author = {European Union},
    title = {European Union Open Data Portal},
    url = {https://data.europa.eu/euodp/en/home},
}

@online{url_fairseq,
    author = {Facebook AI Research},
    title = {Fairseq: Facebook AI Research Sequence-to-Sequence Toolkit},
    url = {https://github.com/pytorch/fairseq},
}

@online{url_fontawesome,
    author = {Fonticons, Inc.},
    title = {Font Awesome Documentation},
    url = {https://fontawesome.com/},
}

@online{url_git,
    author = {Linus Torvalds and Junio Hamano},
    title = {Git Documentation},
    url = {https://git-scm.com/doc},
}

@online{url_github,
    author = {GitHub, Inc.},
    title = {GitHub Documentation},
    url = {https://docs.github.com/},
}

@online{url_github_actions,
    author = {GitHub, Inc.},
    title = {GitHub Actions Documentation},
    url = {https://docs.github.com/en/actions},
}

@online{url_google_docs,
    author = {Google},
    title = {Google Docs},
    url = {https://www.google.com/docs/about/},
}

@online{url_google_open_data,
    author = {Google},
    title = {Google Dataset Search},
    year = {2024},
    url = {https://datasetsearch.research.google.com/},
    note = {Motor de búsqueda de conjuntos de datos.}
}

@online{url_html5,
    author = {W3C},
    title = {HTML5 Specification},
    url = {https://www.w3.org/TR/html5/},
}

@online{url_javascript,
    author = {ECMA International},
    title = {ECMAScript 2021 Language Specification},
    url = {https://www.ecma-international.org/publications-and-standards/standards/ecma-262/},
}

@online{url_kaggle,
    author = {Kaggle Datasets},
    title = {Kaggle Datasets},
    url = {https://www.kaggle.com/datasets},
}

@online{url_kibana,
    author = {Elastic NV},
    title = {Kibana Documentation},
    url = {https://www.elastic.co/guide/en/kibana/current/index.html},
}

@online{url_latex,
    author = {LaTeX Project},
    title = {LaTeX Project},
    url = {https://www.latex-project.org/},
}

@online{url_libreoffice,
    author = {The Document Foundation},
    title = {LibreOffice},
    url = {https://www.libreoffice.org},
}

@online{url_llama3,
    author = {Ollama},
    title = {Ollama3 Library},
    url = {https://ollama.com/library/llama3},
}

@online{url_logstash,
    author = {Elastic NV},
    title = {Logstash Documentation},
    url = {https://www.elastic.co/guide/en/logstash/current/index.html},
}

@online{url_make,
    author = {Free Software Foundation},
    title = {GNU Make Manual},
    url = {https://www.gnu.org/software/make/manual/},
}

@online{url_microsoft_word,
    author = {Microsoft Corporation},
    title = {Microsoft Word},
    url = {https://www.microsoft.com/word},
}

@online{url_microsoft_excel,
    author = {Microsoft Corporation},
    title = {Microsoft Excel},
    url = {https://www.microsoft.com/excel},
}

@online{url_monolog,
    author = {Jordi Boggiano},
    title = {Monolog Documentation},
    url = {https://github.com/Seldaek/monolog},
}

@online{url_openai_gpt2,
    author = {OpenAI},
    title = {OpenAI GPT-2},
    url = {https://github.com/openai/gpt-2},
}

@online{url_openai_api_documentation,
    author = {OpenAI},
    title = {ChatGPT API Documentation},
    url = {https://platform.openai.com/docs/api-reference/chat},
}

@online{url_openai_api_pricing,
    author = {OpenAI},
    title = {ChatGPT API Pricing },
    url = {https://openai.com/api/pricing/},
}

@online{url_openai_gpt3_5,
    author = {OpenAI},
    title = {ChatGPT-3.5-turbo},
    url = {https://platform.openai.com/docs/models/gpt-3.5-turbo},
}

@online{url_openai_gpt4,
    author = {OpenAI},
    title = {ChatGPT-4},
    url = {https://platform.openai.com/docs/models/gpt-4},
}

@online{url_openai_platform,
    author = {OpenAI},
    title = {OpenAI Platform},
    url = {https://platform.openai.com/},
}

@online{url_ollama,
    author = {Ollama},
    title = {Ollama Documentation},
    url = {https://ollama.com/documentation},
}

@online{url_pdftotextl,
    author = {XpdfReader},
    title = {PDF to Text Documentation},
    url = {https://www.xpdfreader.com/pdftotext-man.html},
}

@online{url_php,
    author = {PHP Group},
    title = {PHP: Hypertext Preprocessor},
    url = {https://www.php.net/},
}

@online{url_phpunit,
    author = {Sebastian Bergmann},
    title = {PHPUnit Documentation},
    url = {https://phpunit.de/manual/current/en/},
}

@online{url_scrutinizer_viu_84_proyecto,
    author = {Desarrolla2},
    title = {VIU 84 Proyecto},
    url = {https://scrutinizer-ci.com/g/desarrolla2/viu_84_proyecto/},
}

@online{url_symfony,
    author = {Symfony},
    title = {Symfony - The leading PHP framework to create web applications},
    url = {https://symfony.com/},
}

@online{url_symfony_cache,
    author = {Symfony},
    title = {Symfony Cache Documentation},
    url = {https://symfony.com/doc/current/components/cache.html},
}

@online{url_symfony_code_standards,
    author = {Symfony Project},
    title = {Symfony Code Standards},
    url = {https://symfony.com/doc/7.0/contributing/code/standards.html},
}

@online{url_symfony_http,
    author = {Symfony},
    title = {Symfony HttpClient Documentation},
    url = {https://symfony.com/doc/current/http_client.html},
}

@online{url_test_io_bias_software_testing,
    author = {Test IO},
    title = {How to Combat Bias in Software Testing},
    url = {https://test.io/resources/blog/how-to-combat-bias-in-software-testing},
}

@online{url_tesseract,
    author = {Ray Smith and Tesseract Contributors},
    title = {Tesseract OCR},
    url = {https://github.com/tesseract-ocr/tesseract},
}

@online{url_twig,
    author = {Twig},
    title = {Twig - The flexible, fast, and secure template engine for PHP},
    url = {https://twig.symfony.com/},
}

@online{url_us_open_data,
    author = {Data.gov},
    title = {United States Open Data Portal},
    year = {2024},
    url = {https://www.data.gov/},
}

@online{url_viu_47_proyecto,
    author = {Daniel González},
    title = {Proyecto de ingeniería del software},
    url = {https://github.com/desarrolla2/viu_47_proyecto_de_ingenieria_del_software},
}

@online{url_viu_47_proyecto_ingenieria,
    author = {Daniel González},
    title = {VIU 47 Proyecto ingeniería del software},
    url = {https://github.com/desarrolla2/viu_47_proyecto_de_ingenieria_del_software},
}

@online{url_viu_47_proyecto_ingenieria_sprint_6_demo,
    author = {Daniel González},
    title = {VIU 47, Proyecto Ingeniería del Software, Sprint 6, Demostración},
    url = {https://www.youtube.com/watch?v=f-00CNTTzwk},
}

@online{url_viu_47_proyecto_ingenieria_sprint_6_plan,
    author = {Daniel González},
    title = {VIU 47, Proyecto Ingeniería del Software, Sprint 6, Planificación},
    url = {https://www.youtube.com/watch?v=AcML0-qcm5Q},
}

@online{url_viu_47_proyecto_ingenieria_sprint_6_retrospectiva,
    author = {Daniel González},
    title = {VIU 47, Proyecto Ingeniería del Software, Sprint 6, Retrospectiva},
    url = {https://www.youtube.com/watch?v=Eg8BUbnQtJs},
}

@online{url_viu_84_proyecto,
    author = {Daniel González},
    title = {VIU 84 Trabajo de final de grado, proyecto},
    url = {https://github.com/desarrolla2/viu_84_proyecto},
}

@online{url_viu_84_proyecto_continous_integration,
    author = {Daniel González},
    title = {VIU 84, Trabajo de final de grado, Integración continua},
    url = {https://github.com/desarrolla2/viu_84_proyecto/actions/workflows/docker-tests.yml},
}

@online{url_viu_84_proyecto_install,
    author = {Daniel González},
    title = {Trabajo de fin de grado, instrucciones de instalación},
    url = {https://github.com/desarrolla2/viu_84_proyecto/blob/main/INSTALL.md},
}

@techreport{techreport_georgetown_1964,
    author = {Theodore H. Smith and Bernard L. Merrick},
    title = {The Georgetown-IBM Experiment},
    institution = {Georgetown University},
    year = {1964}
}
