@book{book_martin_2008,
    author = {Robert C. Martin},
    year = {2008},
    title = {Clean Code: A Handbook of Agile Software Craftsmanship},
    publisher = {Prentice Hall},
    isbn = {978-0132350884},
}

@book{book_martin_2017,
    author = {Robert C. Martin},
    year = {2017},
    title = {Clean Architecture: A Craftsman's Guide to Software Structure and Design},
    publisher = {Pearson Education},
    isbn = {978-0134494166}
}

@book{book_beck_1999,
    author = {Kent Beck},
    title = {Extreme Programming Explained: Embrace Change},
    year = {1999},
    publisher = {Addison-Wesley Professional},
    isbn = {978-0201616415}
}

@book{book_beck_2003,
    author = {Kent Beck},
    title = {Test Driven Development: By Example},
    year = {2003},
    publisher = {Addison-Wesley Professional},
    isbn = {978-0321146533}
}

@book{book_anderson_2010,
    author = {David J. Anderson},
    title = {Kanban: Successful Evolutionary Change for Your Technology Business},
    year = {2010},
    publisher = {Blue Hole Press},
    isbn = {978-0984521401}
}

@techreport{techreport_georgetown_1964,
    author = {Theodore H. Smith and Bernard L. Merrick},
    title = {The Georgetown-IBM Experiment},
    institution = {Georgetown University},
    year = {1964},
}


@article{article_touring_1950,
    author = {A. Turing},
    title = {Computing Machinery and Intelligence},
    journal = {Mind},
    volume = {59},
    number = {236},
    pages = {433--460},
    year = {1950},
    doi = {10.1093/mind/LIX.236.433}
}

@article{article_hutchins_2003,
    author = {Hutchins, W. John},
    title = {Has Machine Translation Improved? Some Historical Comparisons},
    journal = {Computers and Translation},
    year = {2003},
    volume = {18},
    number = {3},
    pages = {143--165}
}

@book{article_manning_1999,
    author = {Manning, Christopher D. and Schütze, Hinrich},
    title = {Foundations of Statistical Natural Language Processing},
    publisher = {MIT Press},
    year = {1999},
}

@article{article_devlin_2019,
    author = {Devlin, Jacob and Chang, Ming-Wei and et al.},
    title = {BERT: Pre-training of Deep Bidirectional Transformers for Language Understanding},
    journal = {arXiv preprint arXiv:1810.04805},
    year = {2019}
}

@article{article_brown_2020,
    author = {Brown, Tom B. and Mann, Benjamin and et al.},
    title = {Language Models are Few-Shot Learners},
    journal = {arXiv preprint arXiv:2005.14165},
    year = {2020}
}

@book{article_jelinek_1997,
    author = {Jelinek, Frederick},
    title = {Statistical Methods for Speech Recognition},
    publisher = {MIT Press},
    year = {1997},
}

@article{article_hochreiter_1997,
    author = {Hochreiter, Sepp and Schmidhuber, Jürgen},
    title = {Long Short-Term Memory},
    journal = {Neural Computation},
    year = {1997},
    volume = {9},
    number = {8},
    pages = {1735--1780}
}

@article{article_vaswani_2017,
    author = {Vaswani, Ashish and Shazeer, Noam and Parmar and et al.},
    title = {Attention is All You Need},
    journal = {arXiv preprint arXiv:1706.03762},
    year = {2017}
}

@article{article_wolf_2020,
    author = {Thomas Wolf and Lysandre Debut and Victor Sanh and et al.},
    title = {Transformers: State-of-the-Art Natural Language Processing},
    journal = {arXiv preprint arXiv:1910.03771},
    year = {2020}
}

@webpage{url_chat_gtp_vs_hugging_face_2024,
    author = {Bob sharp},
    title = {ChatGPT vs. HuggingChat: Which Is Better?},
    year = {2024},
    url = {https://www.makeuseof.com/chatgpt-vs-huggingchat/},
}