@book{martin2008,
    author = {Robert C. Martin},
    title = {Clean Code: A Handbook of Agile Software Craftsmanship},
    year = {2008},
    publisher = {Prentice Hall},
    address = {Upper Saddle River, NJ},
}
